<?xml version="1.0" encoding="UTF-8"?><collection xmlns="http://www.loc.gov/MARC21/slim"><record><leader>00485nam--2200169-i-4500</leader><controlfield tag="001">000018010</controlfield><controlfield tag="002">20161230</controlfield><controlfield tag="005">20170111232153</controlfield><controlfield tag="008">060222s1000------------r-----000-0-eng-d</controlfield><datafield ind1=" " ind2=" " tag="080"><subfield code="a">530.1</subfield></datafield><datafield ind1=" " ind2=" " tag="100"><subfield code="a">Fowler, Ralph</subfield></datafield><datafield ind1=" " ind2=" " tag="245"><subfield code="a">Statistical thermodynamics. A version of statistical mechanics for students of physics and chemistry</subfield></datafield><datafield ind1=" " ind2=" " tag="260"><subfield code="a">Cambridge</subfield><subfield code="b">University Press</subfield><subfield code="c">1949</subfield></datafield><datafield ind1=" " ind2=" " tag="300"><subfield code="a">X + 701 p</subfield></datafield><datafield ind1=" " ind2=" " tag="700"><subfield code="a">Guggenheim, E. A</subfield></datafield><datafield ind1=" " ind2=" " tag="852"><subfield code="a">536</subfield></datafield><datafield ind1=" " ind2=" " tag="CAT"><subfield code="a">SYS</subfield><subfield code="c">20170111</subfield><subfield code="h">232153</subfield></datafield></record></collection>